@misc{ref1,
	author = {{Kaspersky}},
	month = {04},
	title = {{El ransomware: qué es, cómo se lo evita, cómo se elimina}},
	url = {https://latam.kaspersky.com/resource-center/threats/ransomware},
	year = {2021},
}

@article{ref2,
  title={Semi-Markov reliability model of system composed of main subsystem, cold backup component and switch},
  author={Grabski, F},
  journal={Journal of Polish Safety and Reliability Association},
  volume={8},
  year={2017}
}

@inproceedings{ref3,
  title={A survey on wireless security protocols (WEP, WPA and WPA2/802.11 i)},
  author={Lashkari, Arash Habibi and Danesh, Mir Mohammad Seyed and Samadi, Behrang},
  booktitle={2009 2nd IEEE International Conference on Computer Science and Information Technology},
  pages={48--52},
  year={2009},
  organization={IEEE}
}

@misc{ref4,
	author = {{Kaspersky}},
	month = {01},
	title = {{Datos y preguntas frecuentes sobre virus informáticos y malware}},
	url = {https://latam.kaspersky.com/resource-center/threats/computer-viruses-and-malware-facts-and-faqs},
	year = {2021},
}

@article{ref5,
  title={IDS or IPS: what is best?},
  author={Papadaki, Maria and Furnell, Steven},
  journal={Network Security},
  volume={2004},
  number={7},
  pages={15--19},
  year={2004},
  publisher={Elsevier}
}

@article{ref6,
  title={Evaluaci{\'o}n de Tecnolog{\'\i}as UTM (Unified Threatment Management) y NGFW (Next Generation Firewall) para detecci{\'o}n de vulnerabilidades en la red.},
  author={Lascano, Silva and Olivo, Diego},
  year={2020},
  publisher={Escuela Superior Polit{\'e}cnica de Chimborazo}
}

@misc{ref7,
	author = {{Oracle}},
	title = {{¿Qué es un WAF?}},
	url = {https://www.oracle.com/es/database/security/que-es-un-waf.html},
}

@misc{ref8,
	author = {{Microsoft}},
	title = {{SQL Server 2019}},
	url = {https://www.microsoft.com/es-mx/sql-server/sql-server-2019},
}

@misc{ref9,
	author = {{Microsoft}},
	month = {04},
	title = {{Transparent Data Encryption (TDE)}},
	url = {https://docs.microsoft.com/en-us/previous-versions/sql/sql-server-2012/bb934049(v=sql.110)?redirectedfrom=MSDN},
	year = {2012},
}

@misc{ref10,
	author = {{Microsoft}},
	month = {04},
	title = {{Pricing Calculator}},
	url = {https://azure.microsoft.com/en-us/pricing/calculator/?&ef_id=Cj0KCQjwnueFBhChARIsAPu3YkS7twWyexsbo_cF2Yt7n6l09xXikUwtmDolegCiBnoGNhvxTPA8CfQaAkzyEALw_wcB:G:s&OCID=AID2100073_SEM_Cj0KCQjwnueFBhChARIsAPu3YkS7twWyexsbo_cF2Yt7n6l09xXikUwtmDolegCiBnoGNhvxTPA8CfQaAkzyEALw_wcB:G:s&gclid=Cj0KCQjwnueFBhChARIsAPu3YkS7twWyexsbo_cF2Yt7n6l09xXikUwtmDolegCiBnoGNhvxTPA8CfQaAkzyEALw_wcB},
	year = {2012},
}

@misc{ref11,
	author = {{CIS (Center for Internet Security)}"},
	month = {05},
	title = {{Control 17: Implement a Security Awareness and Training Program}},
	url = {https://www.cisecurity.org/controls/implement-a-security-awareness-and-training-program/},
	year = {2018},
}
@misc{ref12,
	author = {{Amazon Web Services}},
	month = {05},
	title = {{ Amazon Web Services Pricing}},
	url = {https://aws.amazon.com/pricing/?nc2=h_ql_pr_ln},
	year = {2018},
}

@misc{ref13,
	author = {Kaspersky},
	title = {{Internet Security 2021}},
	url = {https://latam.kaspersky.com/internet-security},
	year = {2021},
}

@misc{oxford-business-group-2021,
	author = {{Oxford Business Group}},
	month = {08},
	title = {{Report: The post-pandemic role of cybersecurity for companies in Mexico}},
	url = {https://oxfordbusinessgroup.com/news/report-post-pandemic-role-cybersecurity-companies-mexico},
	year = {2021},
}



@misc{1,
	author = {{Cisco}},
	month = {09},
	title = {{¿Qué es la seguridad de red?}},
	url = {https://www.cisco.com/c/es_mx/products/security/what-is-network-security.html},
	year = {2021},
}
@misc{2,
	author = {{vmware}},
	title = {{Seguridad de las aplicaciones}},
	url = {https://www.vmware.com/latam/topics/glossary/content/application-security.html},
	year = {2021},
}
@misc{3,
	author = {{Cisco}},
	month = {09},
	title = {{¿Qué es la Seguridad de TI?}},
	url = {https://www.cisco.com/c/es_mx/products/security/what-is-it-security.html\#\%7E\%C2\%BFC\%C3\%B3mo\%20funciona\%20la\%20seguridad\%20de\%20TI?},
	year = {2021},
}
@article{4,
	author = {Correa, L},
	journal = {Universidad Piloto de Colombia},
	title = {{CONTINUIDAD DE NEGOCIO Y RECUPERACIÓN DE DESASTRES}},
	url = {http://polux.unipiloto.edu.co:8080/00004654.pdf},
	year = {2017},
}
@misc{5,
	author = {Belcic, I},
	month = {05},
	title = {{¿Qué es el malware?}},
	url = {https://www.avast.com/es-es/c-malware},
	year = {2021},
}
@article{6,
	author = {Gamboa Suárez, J.L},
	journal = {Universidad Piloto de Colombia},
	title = {{IMPORTANCIA DE LA SEGURIDAD INFORMÁTICA Y CIBERSEGURIDAD EN EL MUNDO ACTUAL}},
	url = {http://repository.unipiloto.edu.co/bitstream/handle/20.500.12277/8668/IMPORTANCIA\%20DE\%20LA\%20SEGURIDAD\%20INFORM\%c3\%81TICA\%20Y\%20CIBERSEGURIDAD\%20EN\%20EL\%20MUNDO\%20ACTUAL.pdf?sequence=1&isAllowed=y},
	year = {2020},
}

@misc{7,
	author = {Belcic, I},
	month = {09},
	title = {{Guía esencial del phishing: cómo funciona y cómo defenderse}},
	url = {https://www.avast.com/es-es/c-phishing},
	year = {2021},
}

@misc{8,
	author = {Valencia, Tovar Orlando},
	month = {08},
	title = {{Inyección de SQL, tipos de ataques y prevención en ASP.NET-C\#}},
	url = {http://repository.unipiloto.edu.co/handle/20.500.12277/2948},
	year = {2018},
}

@article{9,
	author = {Aziz, Normaziah A. and Mantoro, Teddy and Khairudin, M. Aiman and Murshid, A. Faiz b A.},
	doi = {10.1109/icced.2018.00018},
	journal = {2018 International Conference on Computing, Engineering, and Design (ICCED)},
	title = {{Software Defined Networking (SDN) and its Security Issues}},
	year = {2018},
}


@misc{10,
	author = {{Kaspersky}},
	month = {08},
	title = {{¿Qué es la ciberseguridad?}},
	url = {https://latam.kaspersky.com/resource-center/definitions/what-is-cyber-security},
	year = {2021},
}
